%
% 1973
%

@inproceedings{Schneider1973CourseMA,
    title = {Course Modularization Applied: The Interface System and Its Implications For Sequence Control and Data Analysis.},
    author = {E. Schneider},
    year = {1973}
}

%
% 1994
%

@article{Muggleton1994InductiveLP,
    title = {Inductive Logic Programming: Theory and Methods},
    author = {S. Muggleton and L. D. Raedt},
    journal = {J. Log. Program.},
    year = {1994},
    volume = {19/20},
    pages = {629-679}
}

%
% 1999
%

@article{Qian1999OnTM,
    title = {On the momentum term in gradient descent learning algorithms},
    author = {N. Qian},
    journal = {Neural networks : the official journal of the International Neural Network Society},
    year = {1999},
    volume = {12 1},
    pages = { 145-151 }
}

%
% 2003
%

@article{Baader2003TheDL,
    title = {The Description Logic Handbook: Theory, Implementation, and Applications},
    author = {F. Baader and Diego Calvanese and D. McGuinness and D. Nardi and P. Patel-Schneider},
    journal = {Kybernetes},
    year = {2003},
    volume = {32}
}

%
% 2005
%

@article{Mower2005PREPMtPR,
    title = {PREP-Mt: predictive RNA editor for plant mitochondrial genes},
    author = {Jeffrey P. Mower},
    journal = {BMC Bioinformatics},
    year = {2005},
    volume = {6},
    pages = {96 - 96}
}

%
% 2008
%

@inproceedings{Bollacker2008FreebaseAC,
    title = {Freebase: a collaboratively created graph database for structuring human knowledge},
    author = {K. Bollacker and Colin Evans and Praveen K. Paritosh and Tim Sturge and J. Taylor},
    booktitle = {SIGMOD Conference},
    year = {2008}
}

%
% 2010
%

@article{Pan2010ASO,
    title = {A Survey on Transfer Learning},
    author = {Sinno Jialin Pan and Qiang Yang},
    journal = {IEEE Transactions on Knowledge and Data Engineering},
    year = {2010},
    volume = {22},
    pages = {1345-1359}
}

%
% 2012
%

@inproceedings{Tpper2012DBpediaOE,
    title = {DBpedia ontology enrichment for inconsistency detection},
    author = {G. T{\"o}pper and Magnus Knuth and H. Sack},
    booktitle = {I-SEMANTICS '12},
    year = {2012}
}

%
% 2013
%

@inproceedings{Bordes2013TranslatingEF,
    title = {Translating Embeddings for Modeling Multi-relational Data},
    author = {Antoine Bordes and Nicolas Usunier and Alberto Garc{\'i}a-Dur{\'a}n and J. Weston and Oksana Yakhnenko},
    booktitle = {NIPS},
    year = {2013}
}

@inproceedings{Galrraga2013AMIEAR,
    title = {AMIE: association rule mining under incomplete evidence in ontological knowledge bases},
    author = {Luis Gal{\'a}rraga and Christina Teflioudi and K. Hose and Fabian M. Suchanek},
    booktitle = {WWW '13},
    year = {2013}
}

@inproceedings{Ganitkevitch2013PPDBTP,
    title = {PPDB: The Paraphrase Database},
    author = {Juri Ganitkevitch and Benjamin Van Durme and Chris Callison-Burch},
    booktitle = {HLT-NAACL},
    year = {2013}
}

@article{Glorot2013ASM,
    title = {A semantic matching energy function for learning with multi-relational data},
    author = {Xavier Glorot and Antoine Bordes and J. Weston and Yoshua Bengio},
    journal = {Machine Learning},
    year = {2013},
    volume = {94},
    pages = {233-259}
}

@inproceedings{Mikolov2013EfficientEO,
    title = {Efficient Estimation of Word Representations in Vector Space},
    author = {Tomas Mikolov and Kai Chen and G. Corrado and J. Dean},
    booktitle = {ICLR},
    year = {2013}
}

@inproceedings{Nickel2013TensorFF,
    title = {Tensor Factorization for Multi-relational Learning},
    author = {Maximilian Nickel and Volker Tresp},
    booktitle = {ECML/PKDD},
    year = {2013}
}

@inproceedings{Socher2013ReasoningWN,
    title = {Reasoning With Neural Tensor Networks for Knowledge Base Completion},
    author = {R. Socher and Danqi Chen and Christopher D. Manning and A. Ng},
    booktitle = {NIPS},
    year = {2013}
}

%
% 2014
%

@article{Chen2014BigDA,
    title = {Big Data: A Survey},
    author = {Min Chen and S. Mao and Y. Liu},
    journal = {Mobile Networks and Applications},
    year = {2014},
    volume = {19},
    pages = {171-209}
}

@article{Dong2014KnowledgeVA,
    title = {Knowledge vault: a web-scale approach to probabilistic knowledge fusion},
    author = {X. Dong and E. Gabrilovich and G. Heitz and Wilko Horn and N. Lao and K. Murphy and Thomas Strohmann and S. Sun and Wei Zhang},
    journal = {Proceedings of the 20th ACM SIGKDD international conference on Knowledge discovery and data mining},
    year = {2014}
}

@inproceedings{Pennington2014GloveGV,
    title = {Glove: Global Vectors for Word Representation},
    author = {Jeffrey Pennington and R. Socher and Christopher D. Manning},
    booktitle = {EMNLP},
    year = {2014}
}

@inproceedings{Wang2014KnowledgeGE,
    title = {Knowledge Graph Embedding by Translating on Hyperplanes},
    author = {Zhen Wang and J. Zhang and Jianlin Feng and Z. Chen},
    booktitle = {AAAI},
    year = {2014}
}

%
% 2015
%

@article{Galrraga2015FastRM,
    title = {Fast rule mining in ontological knowledge bases with AMIE\$\$+\$\$+},
    author = {Luis Gal{\'a}rraga and Christina Teflioudi and K. Hose and Fabian M. Suchanek},
    journal = {The VLDB Journal},
    year = {2015},
    volume = {24},
    pages = {707-730}
}

@inproceedings{Guo2015SemanticallySK,
    title = {Semantically Smooth Knowledge Graph Embedding},
    author = {Shu Guo and Quan Wang and Bin Wang and L. Wang and L. Guo},
    booktitle = {ACL},
    year = {2015}
}

@article{Kingma2015AdamAM,
    title = {Adam: A Method for Stochastic Optimization},
    author = {Diederik P. Kingma and Jimmy Ba},
    journal = {CoRR},
    year = {2015},
    volume = {abs/1412.6980}
}

@inproceedings{Lin2015LearningEA,
    title = {Learning Entity and Relation Embeddings for Knowledge Graph Completion},
    author = {Yankai Lin and Zhiyuan Liu and M. Sun and Yang Liu and Xuan Zhu},
    booktitle = {AAAI},
    year = {2015}
}

@inproceedings{Toutanova2015ObservedVL,
    title = {Observed versus latent features for knowledge base and text inference},
    author = {Kristina Toutanova and Danqi Chen},
    year = {2015}
}

@inproceedings{Toutanova2015RepresentingTF,
    title = {Representing Text for Joint Embedding of Text and Knowledge Bases},
    author = {Kristina Toutanova and Danqi Chen and P. Pantel and Hoifung Poon and Pallavi Choudhury and M. Gamon},
    booktitle = {EMNLP},
    year = {2015}
}

@article{Vlker2015AutomaticAO,
    title = {Automatic acquisition of class disjointness},
    author = {J. V{\"o}lker and Daniel Fleischhacker and H. Stuckenschmidt},
    journal = {J. Web Semant.},
    year = {2015},
    volume = {35},
    pages = {124-139}
}

@inproceedings{Wang2015KnowledgeBC,
    title = {Knowledge Base Completion Using Embeddings and Rules},
    author = {Quan Wang and Bin Wang and L. Guo},
    booktitle = {IJCAI},
    year = {2015}
}

@article{Wei2015LargescaleKB,
    title = {Large-scale Knowledge Base Completion: Inferring via Grounding Network Sampling over Selected Instances},
    author = {Zhuoyu Wei and Jun Zhao and Kang Liu and Zhenyu Qi and Zhengya Sun and Guanhua Tian},
    journal = {Proceedings of the 24th ACM International on Conference on Information and Knowledge Management},
    year = {2015}
}

@article{Yang2015EmbeddingEA,
    title = {Embedding Entities and Relations for Learning and Inference in Knowledge Bases},
    author = {B. Yang and Wen-tau Yih and X. He and Jianfeng Gao and L. Deng},
    journal = {CoRR},
    year = {2015},
    volume = {abs/1412.6575}
}

%
% 2016
%

@inproceedings{Ehrlinger2016TowardsAD,
    title = {Towards a Definition of Knowledge Graphs},
    author = {Lisa Ehrlinger and W. W{\"o}{\ss}},
    booktitle = {SEMANTiCS},
    year = {2016}
}

@inproceedings{Guo2016JointlyEK,
    title = {Jointly Embedding Knowledge Graphs and Logical Rules},
    author = {Shu Guo and Quan Wang and L. Wang and Bin Wang and L. Guo},
    booktitle = {EMNLP},
    year = {2016}
}

@article{LIU2016ProbabilisticRV,
    title = {Probabilistic Reasoning via Deep Learning: Neural Association Models},
    author = {QUAN LIU and Hui Jiang and Zhenhua Ling and Si Wei and Y. Hu},
    journal = {ArXiv},
    year = {2016},
    volume = {abs/1603.07704}
}

@article{Long2016LeveragingLR,
    title = {Leveraging Lexical Resources for Learning Entity Embeddings in Multi-Relational Data},
    author = {Teng Long and Ryan Lowe and J. C. K. Cheung and Doina Precup},
    journal = {ArXiv},
    year = {2016},
    volume = {abs/1605.05416}
}

@inproceedings{Nickel2016HolographicEO,
    title = {Holographic Embeddings of Knowledge Graphs},
    author = {Maximilian Nickel and L. Rosasco and T. Poggio},
    booktitle = {AAAI},
    year = {2016}
}

@inproceedings{Ristoski2016RDF2VecRG,
    title = {RDF2Vec: RDF Graph Embeddings for Data Mining},
    author = {Petar Ristoski and H. Paulheim},
    booktitle = {International Semantic Web Conference},
    year = {2016}
}

@article{Ruder2016AnOO,
    title = {An overview of gradient descent optimization algorithms},
    author = {Sebastian Ruder},
    journal = {ArXiv},
    year = {2016},
    volume = {abs/1609.04747}
}

@article{Tanon2016FromFT,
    title = {From Freebase to Wikidata: The Great Migration},
    author = {Thomas Pellissier Tanon and Denny Vrandecic and S. Schaffert and T. Steiner and Lydia Pintscher},
    journal = {Proceedings of the 25th International Conference on World Wide Web},
    year = {2016}
}

@inproceedings{Trouillon2016ComplexEF,
    title = {Complex Embeddings for Simple Link Prediction},
    author = {Th{\'e}o Trouillon and Johannes Welbl and S. Riedel and {\'E}ric Gaussier and Guillaume Bouchard},
    booktitle = {ICML},
    year = {2016}
}

@article{Wieting2016CharagramEW,
    title = {Charagram: Embedding Words and Sentences via Character n-grams},
    author = {J. Wieting and Mohit Bansal and Kevin Gimpel and Karen Livescu},
    journal = {ArXiv},
    year = {2016},
    volume = {abs/1607.02789}
}

@inproceedings{Xie2016RepresentationLO,
    title = {Representation Learning of Knowledge Graphs with Hierarchical Types},
    author = {Ruobing Xie and Zhiyuan Liu and M. Sun},
    booktitle = {IJCAI},
    year = {2016}
}

%
% 2017
%

@article{Bojanowski2017EnrichingWV,
    title = {Enriching Word Vectors with Subword Information},
    author = {P. Bojanowski and E. Grave and Armand Joulin and Tomas Mikolov},
    journal = {Transactions of the Association for Computational Linguistics},
    year = {2017},
    volume = {5},
    pages = {135-146}
}

@inproceedings{Cochez2017GlobalRV,
    title = {Global RDF Vector Space Embeddings},
    author = {Michael Cochez and Petar Ristoski and Simone Paolo Ponzetto and H. Paulheim},
    booktitle = {International Semantic Web Conference},
    year = {2017}
}

@inproceedings{Rocktschel2017EndtoendDP,
    title = {End-to-end Differentiable Proving},
    author = {Tim Rockt{\"a}schel and S. Riedel},
    booktitle = {NIPS},
    year = {2017}
}

@article{Wang2017KnowledgeGE,
    title = {Knowledge Graph Embedding: A Survey of Approaches and Applications},
    author = {Q. Wang and Zhendong Mao and B. Wang and Li Guo},
    journal = {IEEE Transactions on Knowledge and Data Engineering},
    year = {2017},
    volume = {29},
    pages = {2724-2743}
}

@inproceedings{Wilson2017TheMV,
    title = {The Marginal Value of Adaptive Gradient Methods in Machine Learning},
    author = {A. Wilson and R. Roelofs and Mitchell Stern and Nathan Srebro and B. Recht},
    booktitle = {NIPS},
    year = {2017}
}

@inproceedings{Yang2017DifferentiableLO,
    title = {Differentiable Learning of Logical Rules for Knowledge Base Reasoning},
    author = {Fan Yang and Z. Yang and William W. Cohen},
    booktitle = {NIPS},
    year = {2017}
}

%
% 2018
%

@article{Agarap2018DeepLU,
  title={Deep Learning using Rectified Linear Units (ReLU)},
  author={Abien Fred Agarap},
  journal={ArXiv},
  year={2018},
  volume={abs/1803.08375}
}

@article{Bonatti2018KnowledgeGN,
    title = {Knowledge Graphs: New Directions for Knowledge Representation on the Semantic Web (Dagstuhl Seminar 18371)},
    author = {P. Bonatti and S. Decker and A. Polleres and V. Presutti},
    journal = {Dagstuhl Reports},
    year = {2018},
    volume = {8},
    pages = {29-111}
}

@article{Mikolov2018AdvancesIP,
    title = {Advances in Pre-Training Distributed Word Representations},
    author = {Tomas Mikolov and E. Grave and P. Bojanowski and Christian Puhrsch and Armand Joulin},
    journal = {ArXiv},
    year = {2018},
    volume = {abs/1712.09405}
}

@article{Young2018RecentTI,
    title = {Recent Trends in Deep Learning Based Natural Language Processing [Review Article]},
    author = {Tom Young and Devamanyu Hazarika and Soujanya Poria and E. Cambria},
    journal = {IEEE Computational Intelligence Magazine},
    year = {2018},
    volume = {13},
    pages = {55-75}
}

%
% 2019
%

@inproceedings{Balazevic2019MultirelationalPG,
    title = {Multi-relational Poincar{\'e} Graph Embeddings},
    author = {Ivana Balazevic and Carl Allen and Timothy M. Hospedales},
    booktitle = {NeurIPS},
    year = {2019}
}

@article{Balazevic2019TuckERTF,
    title = {TuckER: Tensor Factorization for Knowledge Graph Completion},
    author = {Ivana Balazevic and Carl Allen and Timothy M. Hospedales},
    journal = {ArXiv},
    year = {2019},
    volume = {abs/1901.09590}
}

@inproceedings{Bergman2019ACS,
    title = {A COMMON SENSE VIEW OF KNOWLEDGE GRAPHS},
    author = {Michael K. Bergman},
    year = {2019}
}

@inproceedings{Devlin2019BERTPO,
    title = {BERT: Pre-training of Deep Bidirectional Transformers for Language Understanding},
    author = {J. Devlin and Ming-Wei Chang and Kenton Lee and Kristina Toutanova},
    booktitle = {NAACL-HLT},
    year = {2019}
}

@article{He2019AnalyzingTF,
    title = {Analyzing the Forgetting Problem in the Pretrain-Finetuning of Dialogue Response Models},
    author = {Tianxing He and Juefu Liu and Kyunghyun Cho and Myle Ott and B. Liu and J. Glass and Fuchun Peng},
    journal = {arXiv: Computation and Language},
    year = {2019}
}

@inproceedings{Loshchilov2019DecoupledWD,
    title = {Decoupled Weight Decay Regularization},
    author = {I. Loshchilov and F. Hutter},
    booktitle = {ICLR},
    year = {2019}
}

@inproceedings{Meilicke2019AnytimeBR,
    title = {Anytime Bottom-Up Rule Learning for Knowledge Graph Completion},
    author = {Christian Meilicke and Melisachew Wudage Chekol and D. Ruffinelli and H. Stuckenschmidt},
    booktitle = {IJCAI},
    year = {2019}
}

@article{Noy2019IndustryscaleKG,
    title = {Industry-scale Knowledge Graphs: Lessons and Challenges},
    author = {Natasha Noy and Yuqing Gao and A. Jain and A. Narayanan and A. Patterson and J. Taylor},
    journal = {Queue},
    year = {2019},
    volume = {17},
    pages = {48 - 75}
}

@inproceedings{Sadeghian2019DRUMED,
    title = {DRUM: End-To-End Differentiable Rule Mining On Knowledge Graphs},
    author = {A. Sadeghian and Mohammadreza Armandpour and P. Ding and D. Wang},
    booktitle = {NeurIPS},
    year = {2019}
}

@article{Sanh2019DistilBERTAD,
    title = {DistilBERT, a distilled version of BERT: smaller, faster, cheaper and lighter},
    author = {Victor Sanh and Lysandre Debut and Julien Chaumond and Thomas Wolf},
    journal = {ArXiv},
    year = {2019},
    volume = {abs/1910.01108}
}

@inproceedings{Shah2019AnOE,
    title = {An Open-World Extension to Knowledge Graph Completion Models},
    author = {Haseeb Shah and Johannes Villmow and A. Ulges and U. Schwanecke and F. Shafait},
    booktitle = {AAAI},
    year = {2019}
}

@article{Sun2019RotatEKG,
    title = {RotatE: Knowledge Graph Embedding by Relational Rotation in Complex Space},
    author = {Zhiqing Sun and Zhihong Deng and Jian-Yun Nie and Jian Tang},
    journal = {ArXiv},
    year = {2019},
    volume = {abs/1902.10197}
}

%
% 2020
%

@article{Ho2020TheRC,
    title = {The Real-World-Weight Cross-Entropy Loss Function: Modeling the Costs of Mislabeling},
    author = {Yaoshiang Ho and S. Wookey},
    journal = {IEEE Access},
    year = {2020},
    volume = {8},
    pages = {4806-4813}
}

@article{Khan2020ASO,
    title = {A survey of the recent architectures of deep convolutional neural networks},
    author = {A. Khan and A. Sohail and Umme Zahoora and Aqsa Saeed Qureshi},
    journal = {Artificial Intelligence Review},
    year = {2020},
    pages = {1 - 62}
}

@inproceedings{Safavi2020CoDExAC,
    title = {CoDEx: A Comprehensive Knowledge Graph Completion Benchmark},
    author = {T. Safavi and Danai Koutra},
    booktitle = {EMNLP},
    year = {2020}
}

%
% 2021
%

@article{Bertasius2021IsSA,
    title = {Is Space-Time Attention All You Need for Video Understanding?},
    author = {Gedas Bertasius and Heng Wang and L. Torresani},
    journal = {ArXiv},
    year = {2021},
    volume = {abs/2102.05095}
}

@article{Fedus2021SwitchTS,
    title = {Switch Transformers: Scaling to Trillion Parameter Models with Simple and Efficient Sparsity},
    author = {W. Fedus and Barret Zoph and Noam M. Shazeer},
    journal = {ArXiv},
    year = {2021},
    volume = {abs/2101.03961}
}

@article{Hogan2021KnowledgeG,
    title = {Knowledge graphs},
    author = {A. Hogan and E. Blomqvist and Michael Cochez and C. d'Amato and Gerard de Melo and C. Guti{\'e}rrez and J. E. L. Gayo and S. Kirrane and S. Neumaier and A. Polleres and R. Navigli and A. N. Ngomo and S. M. Rashid and A. Rula and Lukas Schmelzeisen and Juan Sequeda and Steffen Staab and A. Zimmermann},
    journal = {Communications of the ACM},
    year = {2021},
    volume = {64},
    pages = {96 - 104}
}

@inproceedings{IRT,
    title = {Open-World Knowledge Graph Completion Benchmarks for Knowledge Discovery},
    author = {Felix Hamann},
    journal = {Proceedings of the 2021 IEA/AIE},
    year = {2021},
}

@article{Wu2021ACS,
    title = {A Comprehensive Survey on Graph Neural Networks},
    author = {Zonghan Wu and Shirui Pan and Fengwen Chen and Guodong Long and C. Zhang and Philip S. Yu},
    journal = {IEEE Transactions on Neural Networks and Learning Systems},
    year = {2021},
    volume = {32},
    pages = {4-24}
}

%
% 2022
%

@book{SpringerKG,
    author = {Guilin Qi, Huajun Chen, Kang Liu, Haofen Wang, Qiu Ji, and Tianxing Wu},
    title = {Knowledge Graph},
    date = {2022},
}
