@misc{AnyBURL,
  title = "{AnyBURL Homepage}",
  key = "AnyBURL",
  howpublished = "\url{http://web.informatik.uni-mannheim.de/AnyBURL/}",
  note = "[last access: 11 April 2021]"
}

@misc{SpaCy,
  title = "{SpaCy Homepage}",
  key = "SpaCy",
  howpublished = "\url{https://spacy.io/}",
  note = "[last access: 20 April 2021]"
}

@misc{GloVe,
  title = "{GloVe Homepage}",
  key = "GloVe",
  howpublished = "\url{https://nlp.stanford.edu/projects/glove/}",
  note = "[last access: 29 April 2021]"
}

@misc{Gigaword,
  title = "{English Gigaword Fifth Edition}",
  key = "Gigaword",
  howpublished = "\url{https://catalog.ldc.upenn.edu/LDC2011T07}",
  note = "[last access: 29 April 2021]"
}

@misc{CommonCrawl,
  title = "{Common Crawl}",
  key = "CommonCrawl",
  howpublished = "\url{https://commoncrawl.org/}",
  note = "[last access: 29 April 2021]"
}

@misc{AdamPopular,
  title = "{A Peek at Trends in Machine Learning}",
  key = "AdamPopular",
  howpublished = "\url{https://karpathy.medium.com/a-peek-at-trends-in-machine-learning-ab8a1085a106}",
  note = "[last access: 29 April 2021]"
}
